<record xmlns="http://www.loc.gov/MARC21/slim" xmlns:xsi="http://www.w3.org/2001/XMLSchema-instance" xsi:schemaLocation="http://www.loc.gov/MARC21/slim http://www.loc.gov/standards/marcxml/schema/MARC21slim.xsd">

  <leader>00774nam a2200217Ia 4500</leader>
  <datafield tag="090" ind1=" " ind2=" ">
    <subfield code="a">CD #72</subfield>
  </datafield>
  <datafield ind2=" " ind1=" " tag="110">
    <subfield code="a">UNICEF</subfield>
  </datafield>
  <datafield tag="245" ind1=" " ind2=" ">
    <subfield code="a">Early childhood resources pack, young child survival, growth and development / </subfield>
    <subfield code="c">UNICEF</subfield>
  </datafield>
  <datafield tag="260" ind1=" " ind2=" ">
    <subfield code="a">Estados Unidos de América : </subfield>
    <subfield code="b">UNICEF, </subfield>
    <subfield code="c">2004</subfield>
  </datafield>
  <datafield tag="300" ind1=" " ind2=" ">
    <subfield code="a">disco compacto</subfield>
  </datafield>
  <datafield ind2=" " ind1=" " tag="500">
    <subfield code="a">Modulos: \ Entendiendo la niñez temprana \ Investigando acerca de la niñez temprana \ Niños, familia  y comunidad \ Programando la infancia del niño (a) \ Implementación  de estrategias para la infancia</subfield>
  </datafield>
  <datafield ind2=" " ind1=" " tag="650">
    <subfield code="a">NIÑEZ</subfield>
  </datafield>
  <datafield ind2=" " ind1=" " tag="650">
    <subfield code="a">FAMILIA</subfield>
  </datafield>
  <datafield tag="650" ind1=" " ind2=" ">
    <subfield code="a">DESARRROLO DE POLITICAS</subfield>
  </datafield>
  <datafield tag="650" ind1=" " ind2=" ">
    <subfield code="a">COMUNIDAD</subfield>
  </datafield>
  <datafield ind2=" " ind1=" " tag="650">
    <subfield code="a">ASPECTOS SOCIALES</subfield>
  </datafield>
  <datafield ind2=" " ind1=" " tag="650">
    <subfield code="a">INDICADORES</subfield>
  </datafield>
  <datafield tag="650" ind2=" " ind1=" ">
    <subfield code="a">ESTUDIO DE CASO</subfield>
  </datafield>
  <datafield ind1=" " ind2=" " tag="942">
    <subfield code="p">001961 </subfield>
  </datafield>
  <datafield ind1=" " ind2=" " tag="942">
    <subfield code="p">001962</subfield>
  </datafield>
  <datafield tag="999" ind1=" " ind2=" ">
    <subfield code="c">2517</subfield>
    <subfield code="d">2517</subfield>
  </datafield>
</record>